%% This BibTeX bibliography file was created using BibDesk.
%% http://bibdesk.sourceforge.net/


%% Created for fei at 2015-02-03 15:06:42 +0800 


%% Saved with string encoding Unicode (UTF-8) 



@book{gonzalez2009digital,
	Author = {Gonzalez, Rafael C},
	Date-Added = {2015-02-03 07:06:18 +0000},
	Date-Modified = {2015-02-03 07:06:18 +0000},
	Publisher = {Pearson Education India},
	Title = {Digital image processing},
	Year = {2009}}
